<record><leader>00000cas a22000007a 4500</leader><controlfield tag="001">20546210</controlfield><controlfield tag="008">891025d18791uuupaudr ne      0    0eng d</controlfield><datafield ind1=" " ind2=" " tag="010"><subfield code="a">sn 89077305 </subfield></datafield><datafield ind1=" " ind2=" " tag="040"><subfield code="a">NPH</subfield><subfield code="b">eng</subfield><subfield code="c">NPH</subfield><subfield code="d">OCLCQ</subfield></datafield><datafield ind1=" " ind2=" " tag="042"><subfield code="a">msc</subfield></datafield><datafield ind1="0" ind2=" " tag="130"><subfield code="a">Daily news (Quakertown, Pa.)</subfield></datafield><datafield ind1="1" ind2="0" tag="245"><subfield code="a">Daily news.</subfield></datafield><datafield ind1=" " ind2=" " tag="260"><subfield code="a">Quakertown, Pa. :</subfield><subfield code="b">[s.n.]</subfield></datafield><datafield ind1=" " ind2=" " tag="300"><subfield code="a">v. ;</subfield><subfield code="c">23 cm.</subfield></datafield><datafield ind1=" " ind2=" " tag="310"><subfield code="a">Daily</subfield></datafield><datafield ind1="0" ind2=" " tag="362"><subfield code="a">No. 1 (Feb. 3, 1879)-</subfield></datafield><datafield ind1=" " ind2=" " tag="752"><subfield code="a">United States</subfield><subfield code="b">Pennsylvania</subfield><subfield code="c">Bucks</subfield><subfield code="d">Quakertown.</subfield></datafield></record>